@incollection{chaum83,
  author      = "David Chaum",
  title       = "Blind Signatures for Untraceable Payments",
  booktitle   = "Advances in Cryptology",
  publisher   = "Springer, Boston, MA",
  year        = 1983,
  pages       = "199-203",
   DOI =          "https://doi.org/10.1007/978-1-4757-0602-4_18"
}

@misc{digicrash,
    author    = "Stan Higgins",
    title     = "3 Pre-Bitcoin Virtual Currencies That Bit the Dust",
    note =      "Last accessed on 5 Apr 2018. URL: \url{https://www.coindesk.com/3-pre-bitcoin-virtual-currencies-bit-dust/} "
}

@misc{digicash,
    author  = "Steven Levy",
    title   = "E-Money (That's What I Want)",
    note    = "Last accessed on 6 Apr 2018. URL: \url{https://www.wired.com/1994/12/emoney/}"
}

@misc{coinmarketcap,
    author = "CoinMarketCap",
    title   = "Cryptocurrency Market Capitalizations",
    note    = "Last accessed on 6 Apr 2018. URL: \url{https://coinmarketcap.com/}"
}

@misc{coinbase,
    author = "Coinbase",
    title   = "Buy and Sell Digital Currency",
    note    = "Last accessed on 6 Apr 2018. URL: \url{https://coinbase.com/}"
}

@misc{gdax,
    title   = "GDAX: The Most Trusted Digital Asset Exchange",
    note    = "Last accessed on 6 Apr 2018. URL: \url{https://www.gdax.com/}"
}

@misc{coindeskprices,
    title   = "Coindesk: Bitcoin USD Price",
    note    = "Last accessed on 7 Apr 2018. URL: \url{https://www.coindesk.com/price/}"
}

@article{snakamoto,
    author =       "Satoshi Nakamoto",
    title =        "Bitcoin: A Peer-to-Peer Electronic Cash System",
    year =         "2008"
}

@misc{btcpizza,
 author = "Laszlo Hanyecz",
    title = "Bitcoin Forum Post: Pizza for bitcoins?",
    year = "May 2010",
    note = "Last accessed 9 Apr 2018. URL: \url{ https://bitcointalk.org/index.php?topic=137.0}"

}

@misc{BWrisefall,
    author =       "Benjamin Wallace",
    title =        "The Rise and Fall of Bitcoin",
    year =         "2011",
    note = "Last accessed 7 Apr 2018. URL: \url{https://www.wired.com/2011/11/mf_bitcoin/}"
}

@incollection{blkchMS,
  author      = "Melanie Swan",
  title       = "Blockchain 1.0: Currency",
  booktitle   = "Blockchain: Blueprint for a New Economy",
  publisher   = "O'Reilly Media Inc.",
  year        =  2015,
  pages       = "vii-xvi and 1-7",
}

@misc{halving,
    author =       "Jacob Donnelly",
    title =        "What is the 'Halving'? A Primer to Bitcoin's Big Mining Change",
    year =         "2016",
    note = "Last accessed on 8 Apr 2018. URL: \url{https://www.coindesk.com/making-sense-bitcoins-halving/}"
}

@misc{nakaemail,
    author = "Satoshi Nakamoto",
    title = "Bitcoin v0.1 released",
    note = "Last accessed on 8 Apr 2018. URL: \url{http://www.metzdowd.com/pipermail/cryptography/2009-January/014994.html}"
}

@misc{btcsc,
    author = "Various",
    title = "Bitcoin Core Source Code",
    note = "Last accessed on 8 Apr 2018. URL: \url{https://github.com/bitcoin/bitcoin}"
}

@misc{camanalytica,
    author = "Owen Bowcott and Alex Hern",
    title = "Facebook and Cambridge Analytica face class action lawsuit",
    note = "Last accessed on 8 Apr 2018. URL: \url{https://www.theguardian.com/news/2018/apr/10/cambridge-analytica-and-facebook-face-class-action-lawsuit}",
    year = "Apr 2018"
}

@misc{forexpy,
    publisher = {{MicroPyramid Informatics Pvt. Ltd}},
    title = "forex-python", 
    note = "Last accessed on 9 Apr 2018. URL: \url{http://forex-python.readthedocs.io/en/latest/}",
}

@misc{mdbdocs,
    author = {{MongoDB Inc.}},
    title = "MongoDB Documentation",
    note = "Last accessed 9 Apr 2018. URL: \url{https://docs.mongodb.com/}"
}

@misc{vuejs,
    author = "Evan You",
    title = "Vue.js: The Progressive JavaScript Framework",
    note = "Last accessed 9 Apr 2018. URL: \url{https://vuejs.org/v2/guide/}"
}

@misc{d3js,
    author = "Mike Bostock",
    title = "D3.js: Data-Driven Documents",
    note = "Last accessed 9 Apr 2018. URL :\url{https://d3js.org/}"
}

@misc{tensorflow,
    author = {{Google Brain Team}},
    title = "TensorFlow: An open source machine learning framework for everyone",
    note = "Last accessed 9 Apr 2018. URL \url{https://www.tensorflow.org/}"
}

@misc{agilemani,
    author = {{K. Beck et al}},
    title = "Principles behind the Agile Manifesto",
    note = "Last accessed 9 Apr 2018. URL: \url{http://agilemanifesto.org/principles.html}"
}

@article{agileieee,
    author = "Jim Highsmith and Alistair Cockburn",
    title = "Agile Software Development: The Business of Innovation",
    journal = "Computer",
    volume = "34",
    issue = "9",
    pages = "120-122",
    year = "2001",
    DOI = "10.1109/2.947100"
}

@article{xpieee,
    author = "Kent Beck",
    title = "Embracing Change with Extreme Programming",
    journal = "Computer",
    volume = "32",
    issue = "10",
    pages = "70-77",
    year = "1999",
    DOI = "10.1109/2.796139"
}

@misc{xp,
    author = "Don Wells",
    title = "Extreme Programming: A gentle introduction",
    year = "2009",
    note = "Last accessed on 10 Apr 2018. URL: \url{http://www.extremeprogramming.org/}"
}

@misc{pythondocs,
    author = {{Python Software Foundation}},
    title = "Python 3.6.5 Documentation",
    note = "Last accessed on 10 Apr 2018. URL: \url{https://docs.python.org/3/}"
}

@misc{anahome,
    author = {{Anaconda Inc.}},
    title = "The Most Popular Python Data Science Platform",
    note = "Last accessed on 10 Apr 2018. URL: \url{https://www.anaconda.com/what-is-anaconda/}"
}

@misc{flaskhome,
    author = "Armin Ronacher",
    title = "Flask (A Python Microframework)",
    note = "Last accessed on 10 Apr 2018. URL: \url{http://flask.pocoo.org/}"
}

@misc{redishome,
    author = {{S. Sanfilippo et al}},
    title = "Redis",
    note = "Last accessed on 10 Apr 2018. URL: \url{https://redis.io/}"
}

@misc{redistut,
    author = "Tutorialspoint",
    title = "Redis - Overview",
    note = "Last accessed on 10 Apr 2018. URL: \url{https://www.tutorialspoint.com/redis/redis_overview.htm}"
}

@misc{chartjs,
    author = {{E. Timberg et al}},
    title = "Chart.js: Simple yet flexible JavaScript charting for designers and developers",
    note = "Last accessed on 10 Apr 2018. URL: \url{https://www.chartjs.org/}"
}

@misc{azure,
    author = {{Microsoft Corporation}},
    title = "Microsoft Azure: Cloud Computing Platform and Services",
    note = "Last accessed on 29 March 2018. URL: \url{https://azure.microsoft.com/en-us/}"
}

@misc{heroku,
    author = "Salesforce.com",
    title = "Heroku: Cloud Application Platform",
    note = "Last accessed on 8 Apr 2018. URL: \url{https://www.heroku.com/}"
}

@misc{herdep,
    author = "Salesforce.com",
    title = "Heroku Deployment Documentation",
    note = "Last accessed 9 Apr 2018. URL: \url{https://devcenter.heroku.com/categories/deployment}"
}

@article{bubbleconf,
    author = "Philip Godsiff",
    title = "Bitcoin: Bubble or Blockchain",
    journal = "Smart Innovation, Systems and Technologies",
    volume = "38",
    publisher = "Springer, Cham",
    pages = "191-203",
    year = "2015",
    DOI = "https://doi.org/10.1007/978-3-319-19728-9_16",
    note = "Proceedings of Agent and Multi-Agent Systems: Technologies and Applications conference."
}

@article{specbubbles,
    author = "Eng-Tuck Cheah and John Fry",
    title = "Speculative bubbles in Bitcoin markets? An empirical investigation into the fundamental value of Bitcoin",
    journal = "Economics Letters",
    volume = "130",
    pages = "32-36",
    year = "2015"
}

@article{btcGTwiki,
    author = "Ladislav Kristoufek",
    title = "BitCoin meets Google Trends and Wikipedia: Quantifying the relationship between phenomena of the Internet era",
    journal = "Scientific Reports",
    volume = {{3, Article number: 3415}},
    number = "3415",
    year = "2013"
}

@article{btcbitedust,
    author = "Kevin Dowd and Martin Hutchinson",
    title = "Bitcoin Will Bite the Dust",
    journal = "Cato Journal",
    volume = "35",
    number = "2",
    pages = "357-382",
    year = "2015"
}

@article{socmedimpact,
    author = {{F. Mai, Z. Shan, Q. Bai, X. Wang, R. Chiang}},
    ISSN = {07421222},
    journal = "Journal of Management Information Systems",
    number = "1",
    pages = "19-52",
    title = "How Does Social Media Impact Bitcoin Value? A Test of the Silent Majority Hypothesis",
    volume = "35",
    year = "2018",
}

@article{airoutbubble,
    author = "Ryan Derousseau",
    title = "Why The Air Is Coming Out of the Bitcoin Bubble",
    journal = "Money",
    number = "2",
    pages = "31-33",
    volume = "47",
    year = "2018"
}

@misc{bubbledef,
    author = {{Merriam-Webster Incorporated}},
    title = "Bubble; noun",
    note = "Last accessed on 11 Apr 2018. URL: \url{https://www.merriam-webster.com/dictionary/bubble}"
}

@misc{greatrecession,
    author = {{Investopedia LLC.}},
    title = "The Great Recession",
    note = "Last accessed on 11 Apr 2018. URL: \url{https://www.investopedia.com/terms/g/great-recession.asp}"
}

@misc{tulipmania,
    author = "Matt Mihaly",
    title = "Comparing Bitcoin to Tulips Is Absurd. Stop it.",
    note = "Last accessed on 11 Apr 2018. URL: \url{https://medium.com/@themihaly/comparing-bitcoin-to-tulips-is-absurd-stop-it-9c8b489727fc}",
    year = "2017"
}

@misc{googletrendbtc,
    author = "Google Trends",
    title = "'Bitcoin' search term popularity",
    note = "Last accessed on 11 Apr 2018. URL: \url{https://trends.google.com/trends/explore?date=all&q=bitcoin}"
}

@misc{docker,
    author = "Docker Inc.",
    title = "Docker Documentation",
    note = "Last accessed on 29 Mar 2018. URL: \url{https://docs.docker.com/}"
}

@misc{flaskblueprints,
    author = "Armin Ronacher",
    title = "Modular Applications with Blueprints",
    note = "Last accessed on 12 Apr 2018. URL: \url{http://flask.pocoo.org/docs/0.12/blueprints/}"
}

@misc{mldef,
    author = "Gartner Inc.",
    title = "Machine Learning Definition",
    note = "Last accessed on 12 Apr 2018. URL: \url{https://www.gartner.com/it-glossary/machine-learning}"
}

@article{lstm,
    author = "Sepp Hochreiter and Jürgen Schmidhuber",
    journal = "Neural Computation",
    pages ="1735-1780 ",
    title ="Long Short-Term Memory",
    volume = "9",
    number = "8",
    year = "1997"
}

@misc {colah,
    author = "Christopher Olah",
    title = "Understanding LSTM Networks",
    note = "Last accessedd on 13 Apr 2018. URL: \url{http://colah.github.io/posts/2015-08-Understanding-LSTMs/}"
}

@misc{dashee,
    author = "David Sheehan",
    title = "Predicting Cryptocurrency Prices With Deep Learning",
    note = "Last accessed on 13 Apr 2018. URL: \url{https://dashee87.github.io/deep\%20learning/python/predicting-cryptocurrency-prices-with-deep-learning/}"
}

@misc{bpiapi,
    author = "Coindesk",
    title = "About the Bitcoin Price Index",
    note = "Last accessed on 17 Apr 2018. URL: \url{https://www.coindesk.com/api/}"
}